@InProceedings{h10lecturenotes,
	author  = "Yuri Matiyasevich",
	title   = "On {H}ilbert's Tenth Problem",
	publisher = "Pacific Institute for the Mathematical Sciences",
	year   = "2000",
	editor = "Michael Lamoureux",
	booktitle = "PIMS Distinguished Chair Lectures",
	volume = "1"
}
