@book{baccelli:hal-02460214,
  TITLE = {{Random Measures, Point Processes, and Stochastic Geometry}},
  AUTHOR = {Baccelli, Fran{\c c}ois and Blaszczyszyn, Bartlomiej and Karray, Mohamed},
  URL = {https://inria.hal.science/hal-02460214},
  PUBLISHER = {{Inria}},
  YEAR = {2020},
  MONTH = Jan,
  PDF = {https://inria.hal.science/hal-02460214/file/PointProcesses45.pdf},
  HAL_ID = {hal-02460214},
  HAL_VERSION = {v1},
}