@inproceedings{graphs,
  title={Archive of Graph Formalizations},
  author={Simon Wimmer},
  note={\url{https://github.com/wimmers/archive-of-graph-formalizations}},
  year={2020},
}
