@article{SemanticalInvestigations,
  title={Semantical Investigations on Non-Classical Logics with Recovery Operators: Negation},
  author={David Fuenmayor},
  journal = {The Logic Journal of the IGPL. Special Issue on Non-classical Modal and Predicate Logics},    
  year={202X},
  publisher={Oxford University Press},
  note = {To appear (preprint: \url{https://arxiv.org/abs/2104.04284})},
}
