@book{mason2002chebyshev,
  title={Chebyshev Polynomials},
  author={Mason, J.C. and Handscomb, D.C.},
  isbn={9781420036114},
  year={2002},
  publisher={CRC Press}
}