@INPROCEEDINGS{kyber,

  author={Joppe Bos and L{\'e}o Ducas and Eike Kiltz and Tancr{\`e}de Lepoint and Vadim Lyubashevsky and John M. Schanck and Peter Schwabe and Gregor Seiler and Damien Stehl{\'e}},
  booktitle={2018 IEEE European Symposium on Security and Privacy}, 
  title={{CRYSTALS --- Kyber: A CCA-Secure Module-Lattice-Based KEM}}, 
  year={2018},
  volume={},
  number={},
  pages={353-367},
}

@inproceedings{KyberAS,
  title={{CRYSTALS-Kyber Algorithm Specifications And Supporting Documentation}},
  author={Roberto Maria Avanzi and Joppe W. Bos and L{\'e}o Ducas and Eike Kiltz and Tancr{\`e}de Lepoint and Vadim Lyubashevsky and John M. Schanck and Peter Schwabe and Gregor Seiler and Damien Stehl{\'e}},
  year={2017}
}


@misc{report3rdroundNIST,
  author = {Gorjan Alagic and David A. Cooper and Quynh Dang and Thinh Dang and John M. Kelsey and Jacob Lichtinger and Yi-Kai Liu and Carl A. Miller and Dustin Moody and Rene Peralta and Ray Perlner and Angela Robinson and Daniel Smith-Tone and Daniel Apon},
  title = {{Status Report on the Third Round of the NIST Post-Quantum Cryptography Standardization Process}},
  year = {2022},
  month = {2022-07-05 04:07:00},
  publisher = {NIST Interagency/Internal Report (NISTIR), National Institute of Standards and Technology, Gaithersburg, MD},
  language = {en},
}

@article{NTT,
  author  = {Thomas Ammer and Katharina Kreuzer},
  title   = {Number Theoretic Transform},
  journal = {Archive of Formal Proofs},
  month   = {August},
  year    = {2022},
  note    = {\url{https://isa-afp.org/entries/Number_Theoretic_Transform.html},
            Formal proof development},
  ISSN    = {2150-914x},
}

@misc{dummy}
