@article{milne1977,
  title = {Restricted growth functions and incidence relations of the lattice of partitions of an n-set},
  journal = {Advances in Mathematics},
  volume = {26},
  number = {3},
  pages = {290--305},
  year = {1977},
  author = {Stephen Milne},
}

@book{white1986,
  title={Constructive Combinatorics},
  author={Stanton, Dennis and White, Dennis},
  year={1986},
  publisher={Springer},
}

@article{hutchinson1963,
  author = {Hutchinson, George},
  title = {Partioning Algorithms for Finite Sets},
  year = {1963},
  _issue_date = {Oct. 1963},
  _publisher = {Association for Computing Machinery},
  _address = {New York, NY, USA},
  volume = {6},
  number = {10},
  _issn = {0001-0782},
  _url = {https://doi.org/10.1145/367651.367661},
  _doi = {10.1145/367651.367661},
  journal = {Commun. ACM},
  month = oct,
  pages = {613â€“-614},
  _numpages = {2},
}

@article{Card_Equiv_Relations-AFP,
  author  = {Lukas Bulwahn},
  title   = {Cardinality of Equivalence Relations},
  journal = {Archive of Formal Proofs},
  month   = may,
  year    = 2016,
  note    = {\url{https://isa-afp.org/entries/Card_Equiv_Relations.html},
            Formal proof development},
  ISSN    = {2150-914x},
}

@article{alon1999,
    title = {The Space Complexity of Approximating the Frequency Moments},
    journal = {Journal of Computer and System Sciences},
    volume = {58},
    number = {1},
    pages = {137-147},
    year = {1999},
    issn = {0022-0000},
    _doi = {https://doi.org/10.1006/jcss.1997.1545},
    _url = {https://www.sciencedirect.com/science/article/pii/S0022000097915452},
    author = {Noga Alon and Yossi Matias and Mario Szegedy},
}
