@misc{history,
    title = {The Curious History of the {Schwartz-Zippel} Lemma},
    url = {https://rjlipton.wpcomstaging.com/2009/11/30/the-curious-history-of-the-schwartz-zippel-lemma/},
    author = {Richard Lipton},
    year = {2009},
    note = {Accessed on Apr 21, 2023}
}

@article{DBLP:journals/jacm/Schwartz80,
  author       = {Jacob T. Schwartz},
  title        = {Fast Probabilistic Algorithms for Verification of Polynomial Identities},
  journal      = {J. {ACM}},
  volume       = {27},
  number       = {4},
  pages        = {701--717},
  year         = {1980},
  skipurl          = {https://doi.org/10.1145/322217.322225},
  skipdoi          = {10.1145/322217.322225},
  timestamp    = {Wed, 14 Nov 2018 10:35:24 +0100},
  biburl       = {https://dblp.org/rec/journals/jacm/Schwartz80.bib},
  bibsource    = {dblp computer science bibliography, https://dblp.org}
}

@article{DBLP:journals/ipl/DemilloL78,
  author       = {Richard A. DeMillo and
                  Richard J. Lipton},
  title        = {A Probabilistic Remark on Algebraic Program Testing},
  journal      = {Inf. Process. Lett.},
  volume       = {7},
  number       = {4},
  pages        = {193--195},
  year         = {1978},
  skipurl          = {https://doi.org/10.1016/0020-0190(78)90067-4},
  skipdoi          = {10.1016/0020-0190(78)90067-4},
  timestamp    = {Sun, 02 Jun 2019 21:07:03 +0200},
  biburl       = {https://dblp.org/rec/journals/ipl/DemilloL78.bib},
  bibsource    = {dblp computer science bibliography, https://dblp.org}
}

@inproceedings{DBLP:conf/eurosam/Zippel79,
  author       = {Richard Zippel},
  editor       = {Edward W. Ng},
  title        = {Probabilistic algorithms for sparse polynomials},
  booktitle    = {EUROSAM},
  series       = {LNCS},
  volume       = {72},
  pages        = {216--226},
  publisher    = {Springer},
  skipyear         = {1979},
  skipurl          = {https://doi.org/10.1007/3-540-09519-5\_73},
  doi          = {10.1007/3-540-09519-5\_73},
  timestamp    = {Fri, 17 Jul 2020 16:12:47 +0200},
  biburl       = {https://dblp.org/rec/conf/eurosam/Zippel79.bib},
  bibsource    = {dblp computer science bibliography, https://dblp.org}
}
