@book {bernoulli,
  title = "Opera omnia",
  author = "Johann Bernoulli",
  year = 1697,
  volume = 3,
  pages = {376--381}
}

@misc{wikipedia,
    author = "{Wikipedia contributors}",
    title = "Sophomore's dream --- {Wikipedia}{,} The Free Encyclopedia",
    year = "2021",
    howpublished = "\url{https://en.wikipedia.org/w/index.php?title=Sophomore%27s_dream&oldid=1053905038}",
    note = "[Online; accessed 10-April-2022]"
}

@book{dunham,
   title =     {The Calculus Gallery: Masterpieces from {N}ewton to {L}ebesgue},
   author =    {William Dunham},
   publisher = {Princeton University Press},
   isbn =      {9780691095653},
   year =      {2004},
   pages = {46--51}
}

@book{borwein,
   title =     {Experimentation in Mathematics: Computational Paths to Discovery},
   author =    {Jonathan Borwein, David Bailey, Roland Girgensohn},
   publisher = {CRC Press},
   isbn =      {9781568811369},
   year =      {2004},
   edition =   {1},
   pages = {4,44}
}
   
