
@inbook{mcdiarmid1989,
  series={London Mathematical Society Lecture Note Series},
  chapter={On the method of bounded differences},
  DOI={10.1017/CBO9781107359949.008},
  title={Surveys in Combinatorics, 1989: Invited Papers at the Twelfth British Combinatorial Conference},
  publisher={Cambridge University Press},
  author={McDiarmid, Colin},
  year={1989},
  pages={148 -- 188},
}

@article{efron1981,
  author = {B. Efron and C. Stein},
  title = {{The Jackknife Estimate of Variance}},
  volume = {9},
  journal = {The Annals of Statistics},
  number = {3},
  pages = {586 -- 596},
  year = {1981},
  doi = {10.1214/aos/1176345462},
}

@article{steele1986,
  author = {J. Michael Steele},
  title = {{An Efron-Stein Inequality for Nonsymmetric Statistics}},
  volume = {14},
  journal = {The Annals of Statistics},
  number = {2},
  pages = {753 -- 758},
  year = {1986},
  doi = {10.1214/aos/1176349952},
}

@inbook{loeve1977,
  author="Lo{\`e}ve, M.",
  chapter="Sums of Independent Random Variables",
  title="Probability Theory I",
  year="1977",
  publisher="Springer New York",
  address="New York, NY",
  pages="235--279",
  isbn="978-1-4684-9464-8",
  doi="10.1007/978-1-4684-9464-8_6",
}

@article{bennett1962,
  title={Probability inequalities for the sum of independent random variables},
  author={Bennett, George},
  journal={Journal of the American Statistical Association},
  volume={57},
  number={297},
  pages={33--45},
  year={1962},
  publisher={Taylor \& Francis}
}

@inproceedings{DBLP:conf/ac/BoucheronLB03,
  author       = {St{\'{e}}phane Boucheron and
                  G{\'{a}}bor Lugosi and
                  Olivier Bousquet},
  editor       = {Olivier Bousquet and
                  Ulrike von Luxburg and
                  Gunnar R{\"{a}}tsch},
  title        = {Concentration Inequalities},
  booktitle    = {Advanced Lectures on Machine Learning, {ML} Summer Schools 2003, Canberra,
                  Australia, February 2-14, 2003, T{\"{u}}bingen, Germany, August
                  4-16, 2003, Revised Lectures},
  series       = {Lecture Notes in Computer Science},
  volume       = {3176},
  pages        = {208--240},
  publisher    = {Springer},
  year         = {2003},
  url          = {https://doi.org/10.1007/978-3-540-28650-9\_9},
  doi          = {10.1007/978-3-540-28650-9\_9},
  timestamp    = {Tue, 14 May 2019 10:00:49 +0200},
  biburl       = {https://dblp.org/rec/conf/ac/BoucheronLB03.bib},
  bibsource    = {dblp computer science bibliography, https://dblp.org}
}

@inproceedings{cantelli1929sui,
  title={Sui confini della probabilita},
  author={Cantelli, Francesco Paolo},
  booktitle={Atti del Congresso Internazionale dei Matematici: Bologna del 3 al 10 de settembre di 1928},
  pages={47--60},
  year={1929}
}

@inproceedings{paley1932note,
  title={A note on analytic functions in the unit circle},
  author={Paley, Raymond EAC and Zygmund, Antoni},
  booktitle={Mathematical Proceedings of the Cambridge Philosophical Society},
  volume={28},
  number={3},
  pages={266--272},
  year={1932},
  organization={Cambridge University Press}
}
