@mastersthesis{bergstrom24,
  author  = {Axel Bergstr√∂m},
  title   = {A Verified {QBF} Solver},
  school  = {Dept.\ of Information Technology, Uppsala University},
  address = {Uppsala, Sweden},
  month   = mar,
  year    = {2024}
}

@incollection{BuningBubeck2021,
  author       = {Hans Kleine{ }B{\"{u}}ning and Uwe Bubeck},
  title        = {Theory of Quantified {Boolean} Formulas},
  editor       = {Armin Biere and Marijn Heule and Hans van Maaren and
                  Toby Walsh},
  booktitle    = {Handbook of Satisfiability~- Second Edition},
  volume       = {336},
  series       = {Frontiers in Artificial Intelligence and Applications},
  pages        = {1131--1156},
  publisher    = {{IOS} Press},
  year         = {2021},
  doi          = {10.3233/FAIA201013},
  timestamp    = {Fri, 06 May 2022 08:06:04 +0200},
  biburl       = {https://dblp.org/rec/series/faia/BuningB21.bib},
  bibsource    = {dblp computer science bibliography, https://dblp.org}
}

@book{biere2021satisfiability,
  editor       = {Armin Biere and Marijn Heule and Hans van Maaren and
                  Toby Walsh},
  title        = {Handbook of Satisfiability~- Second Edition},
  series       = {Frontiers in Artificial Intelligence and Applications},
  volume       = {336},
  publisher    = {IOS Press},
  year         = {2021},
  doi          = {10.3233/FAIA336},
  isbn         = {978-1-64368-160-3},
  timestamp    = {Fri, 06 May 2022 08:03:54 +0200},
  biburl       = {https://dblp.org/rec/series/faia/336.bib},
  bibsource    = {dblp computer science bibliography, https://dblp.org}
}
