@misc{ wiki,
  author = {Wikipedia},
  title = "Maximum subarray problem",
  year = "2022",
  url = "https://en.wikipedia.org/wiki/Maximum_subarray_problem",
  note = "[\url{https://en.wikipedia.org/wiki/Maximum_subarray_problem}; accessed 25-September-2022]"
}