@STRING{afp		= {Archive of Formal Proofs}}
@STRING{arxiv		= {arXiv}}
@STRING{lncs		= {Lecture Notes in Computer Science}}
@STRING{sv		= {Springer}}

@Article{FurusawaGuttmann2023,
	author		= {Furusawa, H. and Guttmann, W.},
	title		= {Cardinality and Representation of {Stone} Relation Algebras},
	journal		= arxiv,
	volume		= {2309.11676},
	year		= 2023,
	note		= {\url{https://arxiv.org/abs/2309.11676}}
}

@Article{Guttmann2017a,
	author		= {Guttmann, W.},
	title		= {Stone Relation Algebras},
	journal		= afp,
	year		= 2017,
	url		= {Formal proof development, \url{https://isa-afp.org/entries/Stone_Relation_Algebras.html}},
	note		= {}
}

@InProceedings{Guttmann2017b,
	author		= {Guttmann, W.},
	title		= {Stone Relation Algebras},
	editor		= {H{\"o}fner, P. and Pous, D. and Struth, G.},
	booktitle	= {Relational and Algebraic Methods in Computer Science},
	publisher	= sv,
	series		= lncs,
	volume		= 10226,
	pages		= {127--143},
	year		= 2017,
	note		= {}
}

