%% This BibTeX bibliography file was created using BibDesk.
%% http://bibdesk.sourceforge.net/




%% Saved with string encoding Unicode (UTF-8) 


@InProceedings{DeVos_Kneser,
author={DeVos, Matt},
editor={Nathanson, Melvyn B.},
title={A Short Proof of Kneser's Addition Theorem for Abelian Groups},
booktitle={Combinatorial and Additive Number Theory},
year={2014},
publisher={Springer New York},
address={New York, NY},
pages={39--41},
isbn={978-1-4939-1601-6}
}


@Book{Nathanson_book,
  author    = {Nathanson, Melvyn B},
  title     = { Additive Number Theory: 
Inverse Problems and the Geometry of Sumsets},
  publisher = {Springer-Verlag},
  year      = {1996},
  volume    = {165},
  series    = {Graduate Texts in Mathematics},
  isbn={978-0-387-94655-9}
}



@misc{Ruzsa_book,
  author = {Ruzsa, Imre Z.},
  note   = { Course notes, available on
\url{https://www.math.cmu.edu/users/af1p/Teaching/AdditiveCombinatorics/Additive-Combinatorics.pdf}},
  title  = {Sumsets and Structure},
  year   = {2008}
}

