@article{knuth-fast-pattern,
	author = {Knuth, Donald E. and Morris, Jr., James H. and Pratt, Vaughan R.},
	journal = {SIAM Journal on Computing},
	number = {2},
	pages = {323-350},
	title = {Fast Pattern Matching in Strings},
	volume = {6},
	doi = {10.1137/0206024},
	year = {1977}}
