%% This BibTeX bibliography file was created using BibDesk.
%% https://bibdesk.sourceforge.io/

%% Created for Maximilian Spitz at 2023-07-11 14:41:02 +0200 


%% Saved with string encoding Unicode (UTF-8) 



@conference{sankar2004,
	author = {Sankar, K.J. and Pandharipande, V.M. and Moharir, P.S.},
	booktitle = {Proceedings of 2004 International Symposium on Intelligent Signal Processing and Communication Systems. ISPACS 2004.},
	pages = {654-659},
	title = {Generalized Gray codes},
	year = {2004},
	note={\url{https://doi.org/10.1109/ISPACS.2004.1439140}}}
