@book{nathanson1996,
  title={Additive Number Theory: The Classical Bases},
  author={Nathanson, Melvyn Bernard},
  series={Graduate Texts in Mathematics},
  volume={164},
  year={1996},
  publisher={Springer},
  address={New York}
}
