 	

@article{AFP-CSRT,
  author  = {Christian Sternagel and Ren√© Thiemann},
  title   = {Abstract Rewriting},
  journal = {Archive of Formal Proofs},
  month   = jun,
  year    = 2010,
  note    = {\url{https://isa-afp.org/entries/Abstract-Rewriting.html},
            Formal proof development},
  ISSN    = {2150-914x},
}
