%% Saved with string encoding Unicode (UTF-8) 
@article{lekkerkerker,
	author = {Lekkerkerker, Cornelius Gerrit},
	date-modified = {2023-06-14 11:43:59 +0100},
	journal = {Stichting Mathematisch Centrum. Zuivere Wiskunde},
	number = {ZW 30/51},
	publisher = {Stichting Mathematisch Centrum},
	title = {Voorstelling van natuurlijke getallen door een som van getallen van {Fibonacci}},
	year = {1951}}
