@book{benedetto,
	author = {DiBenedetto,Emmanuele},
	title = {Real {A}nalysis},
	date = {2002},
	series = {Birkh\"auser {A}dvanced {T}exts},
	publisher = {Birkh\"auser}
}
