%% This BibTeX bibliography file was created using BibDesk.
%% http://bibdesk.sourceforge.net/


%% Created for Larry Paulson at 2023-05-16 11:53:41 +0100 


%% Saved with string encoding Unicode (UTF-8) 



@article{hancl,
	author = {Han{\v c}l, Jaroslav},
	date-modified = {2023-05-16 11:53:41 +0100},
	journal = {Rendiconti del Seminario Matematico della Universit{\`a} di Padova},
	pages = {225-231},
	title = {Irrational Rapidly Convergent Series},
	url = {http://eudml.org/doc/108582},
	volume = {107},
	year = {2002}}
