@article{discover,
  title={DisCoveR: accurate and efficient discovery of declarative process models},
  author={Back, Christoffer Olling and Slaats, Tijs and Hildebrandt, Thomas Troels and Marquard, Morten},
  journal={International Journal on Software Tools for Technology Transfer},
  pages={1--25},
  year={2021},
  publisher-dummy={Springer}
}
