@book{thebook,
author = {Aigner, Martin and Ziegler, GÃ¼nter M.},
title = {Proofs from {THE BOOK}},
year = {2009},
isbn = {3642008550},
publisher = {Springer},
edition = {4th}
}
