@book{Hilbert,
author={D. Hilbert},
title="The Foundations of Geometry",
note={\url{https://math.berkeley.edu/wodzicki/160/Hilbert.pdf}}
}