@inproceedings{ChuangG93,
  author    = {Tyng{-}Ruey Chuang and
               Benjamin Goldberg},
  editor    = {John Williams},
  title     = {Real-Time Deques, Multihead {T}uring Machines, and Purely Functional
               Programming},
  booktitle = {Proceedings of the conference on Functional programming languages
               and computer architecture, {FPCA} 1993, Copenhagen, Denmark, June
               9-11, 1993},
  pages     = {289--298},
  publisher = {{ACM}},
  year      = {1993},
  url       = {https://doi.org/10.1145/165180.165225},
}
