%% This BibTeX bibliography file was created using BibDesk.
%% http://bibdesk.sourceforge.net/


%% Created for Larry Paulson at 2023-11-13 12:14:59 +0000 


%% Saved with string encoding Unicode (UTF-8) 



@misc{wiki:perfect_field,
	author = {{Wikipedia contributors}},
	note = {[Online; accessed 3-November-2023]},
	title = {Perfect field --- {Wikipedia}{,} The Free Encyclopedia},
	url = {\url{https://en.wikipedia.org/w/index.php?title=Perfect_field&oldid=1170408406}},
	year = {2023},
	bdsk-url-1 = {https://en.wikipedia.org/w/index.php?title=Perfect_field&oldid=1170408406}}

@article{Berlekamp_Zassenhaus-AFP,
	author = {Jose Divas{\'o}n and Sebastiaan J. C. Joosten and Ren{\'e} Thiemann and Akihisa Yamada},
	issn = {2150-914x},
	journal = {Archive of Formal Proofs},
	month = {October},
	note = {\url{https://isa-afp.org/entries/Berlekamp_Zassenhaus.html}, Formal proof development},
	title = {The Factorization Algorithm of {B}erlekamp and {Z}assenhaus},
	year = {2016}}

@article{Finite_Fields-AFP,
	author = {Emin Karayel},
	issn = {2150-914x},
	journal = {Archive of Formal Proofs},
	month = {June},
	note = {\url{https://isa-afp.org/entries/Finite_Fields.html}, Formal proof development},
	title = {Finite Fields},
	year = {2022}}

@misc{conrad,
	author = {Keith Conrad},
	date-modified = {2023-11-13 12:14:59 +0000},
	howpublished = {Online at \url{https://kconrad.math.uconn.edu/blurbs/galoistheory/perfect.pdf}},
	note = {Course notes, University of Connecticut },
	title = {Perfect FIelds},
	url = {\url{https://kconrad.math.uconn.edu/blurbs/galoistheory/perfect.pdf}},
	year = {2021},
	bdsk-url-1 = {https://kconrad.math.uconn.edu/blurbs/galoistheory/perfect.pdf}}
