%% This BibTeX bibliography file was created using BibDesk.
%% http://bibdesk.sourceforge.net/


%% Created for Larry Paulson at 2022-09-02 15:10:09 +0100 


%% Saved with string encoding Unicode (UTF-8) 



@article{nathanson-polynomial-growth,
	author = {Nathanson, Melvyn B. and Ruzsa, Imre Z.},
	date-added = {2022-09-02 15:10:06 +0100},
	date-modified = {2022-09-02 15:10:06 +0100},
	journal = {Journal de Th{\'e}orie des Nombres de Bordeaux},
	number = {2},
	pages = {553-560},
	title = {Polynomial Growth of Sumsets in Abelian Semigroups},
	volume = {14},
	year = {2002}}

@unpublished{ruzsa-sumsets-structure,
	author = {Imre Z. Ruzsa},
	date-added = {2022-09-02 15:09:54 +0100},
	date-modified = {2022-09-02 15:09:54 +0100},
	note = {Lecture notes, Institute of Mathematics, Budapest},
	title = {Sumsets and Structure}}

@article{khovanskii-newton-polyhedron,
	author = {Khovanskii, A.  G. },
	date = {1992/10/01},
	date-added = {2022-09-02 15:08:56 +0100},
	date-modified = {2022-09-02 15:08:56 +0100},
	doi = {10.1007/BF01075048},
	id = {Khovanskii1992},
	isbn = {1573-8485},
	journal = {Functional Analysis and Its Applications},
	number = {4},
	pages = {276-281},
	title = {{Newton} Polyhedron, {Hilbert} Polynomial, and Sums of Finite Sets},
	url = {https://doi.org/10.1007/BF01075048},
	volume = {26},
	year = {1992},
	bdsk-url-1 = {https://doi.org/10.1007/BF01075048}}

@article{khovanskii-sums-finite,
	author = {Khovanskii, A.  G. },
	date = {1995/04/01},
	date-added = {2022-09-02 15:08:53 +0100},
	date-modified = {2022-09-02 15:08:53 +0100},
	doi = {10.1007/BF01080008},
	id = {Khovanskii1995},
	isbn = {1573-8485},
	journal = {Functional Analysis and Its Applications},
	number = {2},
	pages = {102-112},
	title = {Sums of finite sets, orbits of commutative semigroups, and {Hilbert} functions},
	url = {https://doi.org/10.1007/BF01080008},
	volume = {29},
	year = {1995},
	bdsk-url-1 = {https://doi.org/10.1007/BF01080008}}

@unpublished{gowers-introduction-additive,
	author = {W. T. Gowers},
	date-added = {2022-09-02 15:08:26 +0100},
	date-modified = {2022-09-02 15:08:26 +0100},
	note = {Lecture notes, University of Cambridge},
	title = {Introduction to Additive Combinatorics},
	year = {2022}}
