@inproceedings{DBLP:conf/ijcai/ChakrabortyMV16,
  author       = {Supratik Chakraborty and
                  Kuldeep S. Meel and
                  Moshe Y. Vardi},
  editor       = {Subbarao Kambhampati},
  title        = {Algorithmic Improvements in Approximate Counting for Probabilistic
                  Inference: From Linear to Logarithmic {SAT} Calls},
  booktitle    = {IJCAI},
  pages        = {3569--3576},
  publisher    = {{IJCAI/AAAI} Press},
  year         = {2016},
  url          = {http://www.ijcai.org/Abstract/16/503},
  timestamp    = {Tue, 20 Aug 2019 16:19:10 +0200},
  biburl       = {https://dblp.org/rec/conf/ijcai/ChakrabortyMV16.bib},
  bibsource    = {dblp computer science bibliography, https://dblp.org}
}
