@book{knopp2013,
  title={Theorie und Anwendung der Unendlichen Reihen},
  author={Knopp, Konrad},
  isbn={9783662012321},
  series={Grundlehren der mathematischen Wissenschaften},
  year={2013},
  doi={10.1007/978-3-642-61406-4},
  url={https://doi.org/10.1007/978-3-642-61406-4},
  publisher={Springer Berlin Heidelberg}
}