@book{ireland1982,
  author    = {Kenneth Ireland and
               Michael Rosen},
  title     = {A classical introduction to modern number theory},
  series    = {Graduate texts in mathematics},
  volume    = {84},
  publisher = {Springer},
  year      = {1982},
  isbn      = {978-0-387-90625-6},
  timestamp = {Fri, 28 Jun 2019 12:45:52 +0200},
  biburl    = {https://dblp.org/rec/books/daglib/0068082.bib},
  bibsource = {dblp computer science bibliography, https://dblp.org}
}

@book{lidl1986,
author = {Lidl, Rudolf and Niederreiter, Harald},
title = {Introduction to Finite Fields and Their Applications},
year = {1986},
isbn = {0521307066},
publisher = {Cambridge University Press},
address = {USA}
}

@article{chebolu2010,
  title={Counting Irreducible Polynomials over Finite Fields Using the Inclusion-Exclusion Principle},
  author={Sunil K. Chebolu and J{\'a}n Min{\'a}{\v{c}}},
  journal={Mathematics Magazine},
  year={2010},
  volume={84},
  pages={369 - 371}
}

@article{Dirichlet_Series-AFP,
  author  = {Manuel Eberl},
  title   = {Dirichlet Series},
  journal = {Archive of Formal Proofs},
  month   = oct,
  year    = 2017,
  note    = {\url{https://isa-afp.org/entries/Dirichlet_Series.html},
            Formal proof development},
  ISSN    = {2150-914x},
}