%% This BibTeX bibliography file was created using BibDesk.
%% http://bibdesk.sourceforge.net/


%% Created for Larry Paulson at 2023-05-16 12:07:07 +0100 


%% Saved with string encoding Unicode (UTF-8) 



@article{hancl2005,
	author = {Han\v{c}l, J. and Rucki, P.},
	date-modified = {2023-05-16 12:06:58 +0100},
	journal = {Rocky Mountain Journal of Mathematics},
	number = {2},
	pages = {531-537},
	publisher = {Rocky Mountain Mathematics Consortium},
	title = {The Transcendence Of Certain Infinite Series},
	url = {https://doi.org/10.1216/rmjm/1181069744},
	volume = {35},
	year = {2005},
	bdsk-url-1 = {https://doi.org/10.1216/rmjm/1181069744}}

@article{roth_1955,
	author = {Roth, K. F.},
	doi = {10.1112/S0025579300000644},
	journal = {Mathematika},
	number = {3},
	pages = {1--20},
	part = {1},
	publisher = {London Mathematical Society and University College London},
	title = {Rational approximations to algebraic numbers},
	volume = {2},
	year = {1955},
	bdsk-url-1 = {https://doi.org/10.1112/S0025579300000644}}
