@article{birkhoffRingsSets1937,
  title = {Rings of Sets},
  author = {Birkhoff, Garrett},
  year = {1937},
  month = sep,
  journal = {Duke Mathematical Journal},
  volume = {3},
  number = {3},
  pages = {443--454},
  issn = {0012-7094},
  doi = {10.1215/S0012-7094-37-00334-X},
}

@incollection{daveyChapterRepresentationFinite2002,
  title = {Chapter 5.  {{Representation}}: The Finite Case},
  booktitle = {Introduction to Lattices and Order},
  author = {Davey, B. A. and Priestley, H. A.},
  year = {2002},
  edition = {2nd ed},
  pages = {112--124},
  publisher = {{Cambridge University Press}},
  address = {{Cambridge, UK ; New York, NY}},
  isbn = {978-0-521-78451-1},
  lccn = {QA171.5 .D38 2002},
  keywords = {Lattice theory},
}